@ARTICLE{pollux,
   author = {{Palacios}, A. and {Gebran}, M. and {Josselin}, E. and {Martins}, F. and 
	{Plez}, B. and {Belmas}, M. and {L{\`e}bre}, A.},
    title = "{POLLUX: a database of synthetic stellar spectra}",
  journal = {\aap},
archivePrefix = "arXiv",
   eprint = {1003.4682},
 primaryClass = "astro-ph.SR",
 keywords = {astronomical databases: miscellaneous, stars: general, techniques: spectroscopic},
     year = 2010,
    month = jun,
   volume = 516,
      eid = {A13},
    pages = {A13},
      doi = {10.1051/0004-6361/200913932},
   adsurl = {http://adsabs.harvard.edu/abs/2010A%26A...516A..13P},
  adsnote = {Provided by the SAO/NASA Astrophysics Data System}
}

@article{triangle.py,
      author        = "Dan Foreman-Mackey and Adrian Price-Whelan and Geoffrey
                       Ryan and Emily and Michael Smith and Kyle Barbary and David
                       W. Hogg and Brendon J. Brewer",
      title         = "{triangle.py v0.1.1}",
      month         = "Jul",
      year          = "2014",
      doi           = "{10.5281/zenodo.11020}",
      url           = "{http://dx.doi.org/10.5281/zenodo.11020}",
}

@ARTICLE{harris,
   author = {{Harris}, W.~E.},
    title = "{A Catalog of Parameters for Globular Clusters in the Milky Way}",
  journal = {\aj},
 keywords = {GLOBULAR CLUSTERS: GENERAL, CATALOGS},
     year = 1996,
    month = oct,
   volume = 112,
    pages = {1487},
      doi = {10.1086/118116},
   adsurl = {http://adsabs.harvard.edu/abs/1996AJ....112.1487H},
  adsnote = {Provided by the SAO/NASA Astrophysics Data System}
}

@ARTICLE{quickhull,
    author = {C. Bradford Barber and David P. Dobkin and Hannu Huhdanpaa},
    title = {The Quickhull algorithm for convex hulls},
    journal = {ACM TRANSACTIONS ON MATHEMATICAL SOFTWARE},
    year = {1996},
    volume = {22},
    number = {4},
    pages = {469--483}
}

@Misc{scipy,
  author =    {Eric Jones and Travis Oliphant and Pearu Peterson and others},
  title =     {{SciPy}: Open source scientific tools for {Python}},
  year =      {2001},
  url = "http://www.scipy.org/",
  note = {[Online; accessed 2014-07-14]}
}

@ARTICLE{wigglez,
   author = {{Drinkwater}, M.~J. and {Jurek}, R.~J. and {Blake}, C. and {Woods}, D. and
 {Pimbblet}, K.~A. and {Glazebrook}, K. and {Sharp}, R. and {Pracy}, M.~B. and
 {Brough}, S. and {Colless}, M. and {Couch}, W.~J. and {Croom}, S.~M. and
 {Davis}, T.~M. and {Forbes}, D. and {Forster}, K. and {Gilbank}, D.~G. and
 {Gladders}, M. and {Jelliffe}, B. and {Jones}, N. and {Li}, I.-H. and
 {Madore}, B. and {Martin}, D.~C. and {Poole}, G.~B. and {Small}, T. and
 {Wisnioski}, E. and {Wyder}, T. and {Yee}, H.~K.~C.},
    title = "{The WiggleZ Dark Energy Survey: survey design and first data release}",
  journal = {\mnras},
archivePrefix = "arXiv",
   eprint = {0911.4246},
 primaryClass = "astro-ph.CO",
 keywords = {surveys, galaxies: high-redshift, galaxies: photometry, galaxies: starburst, cosmology: observations, ultraviolet: galaxies},
     year = 2010,
    month = jan,
   volume = 401,
    pages = {1429-1452},
      doi = {10.1111/j.1365-2966.2009.15754.x},
   adsurl = {http://adsabs.harvard.edu/abs/2010MNRAS.401.1429D},
  adsnote = {Provided by the SAO/NASA Astrophysics Data System}
}


@INPROCEEDINGS{galah,
   author = {{Freeman}, K. and {Bland-Hawthorn}, J.},
    title = "{Panoramic High Resolution Spectroscopy}",
booktitle = {Panoramic Views of Galaxy Formation and Evolution},
     year = 2008,
   series = {Astronomical Society of the Pacific Conference Series},
   volume = 399,
   editor = {{Kodama}, T. and {Yamada}, T. and {Aoki}, K.},
    month = oct,
    pages = {439},
   adsurl = {http://adsabs.harvard.edu/abs/2008ASPC..399..439F},
  adsnote = {Provided by the SAO/NASA Astrophysics Data System}
}


@ARTICLE{lamost,
   author = {{Cui}, X.-Q. and {Zhao}, Y.-H. and {Chu}, Y.-Q. and {Li}, G.-P. and
 {Li}, Q. and {Zhang}, L.-P. and {Su}, H.-J. and {Yao}, Z.-Q. and
 {Wang}, Y.-N. and {Xing}, X.-Z. and {Li}, X.-N. and {Zhu}, Y.-T. and
 {Wang}, G. and {Gu}, B.-Z. and {Luo}, A.-L. and {Xu}, X.-Q. and
 {Zhang}, Z.-C. and {Liu}, G.-R. and {Zhang}, H.-T. and {Yang}, D.-H. and
 {Cao}, S.-Y. and {Chen}, H.-Y. and {Chen}, J.-J. and {Chen}, K.-X. and
 {Chen}, Y. and {Chu}, J.-R. and {Feng}, L. and {Gong}, X.-F. and
 {Hou}, Y.-H. and {Hu}, H.-Z. and {Hu}, N.-S. and {Hu}, Z.-W. and
 {Jia}, L. and {Jiang}, F.-H. and {Jiang}, X. and {Jiang}, Z.-B. and
 {Jin}, G. and {Li}, A.-H. and {Li}, Y. and {Li}, Y.-P. and {Liu}, G.-Q. and
 {Liu}, Z.-G. and {Lu}, W.-Z. and {Mao}, Y.-D. and {Men}, L. and
 {Qi}, Y.-J. and {Qi}, Z.-X. and {Shi}, H.-M. and {Tang}, Z.-H. and
 {Tao}, Q.-S. and {Wang}, D.-Q. and {Wang}, D. and {Wang}, G.-M. and
 {Wang}, H. and {Wang}, J.-N. and {Wang}, J. and {Wang}, J.-L. and
 {Wang}, J.-P. and {Wang}, L. and {Wang}, S.-Q. and {Wang}, Y. and
 {Wang}, Y.-F. and {Xu}, L.-Z. and {Xu}, Y. and {Yang}, S.-H. and
 {Yu}, Y. and {Yuan}, H. and {Yuan}, X.-Y. and {Zhai}, C. and
 {Zhang}, J. and {Zhang}, Y.-X. and {Zhang}, Y. and {Zhao}, M. and
 {Zhou}, F. and {Zhou}, G.-H. and {Zhu}, J. and {Zou}, S.-C.},
    title = "{The Large Sky Area Multi-Object Fiber Spectroscopic Telescope (LAMOST)}",
  journal = {Research in Astronomy and Astrophysics},
     year = 2012,
    month = sep,
   volume = 12,
    pages = {1197-1242},
      doi = {10.1088/1674-4527/12/9/003},
   adsurl = {http://adsabs.harvard.edu/abs/2012RAA....12.1197C},
  adsnote = {Provided by the SAO/NASA Astrophysics Data System}
}

@INPROCEEDINGS{boss,
   author = {{Schlegel}, D.~J. and {Blanton}, M. and {Eisenstein}, D. and
 {Gillespie}, B. and {Gunn}, J. and {Harding}, P. and {McDonald}, P. and
 {Nichol}, R. and {Padmanabhan}, N. and {Percival}, W. and {Richards}, G. and
 {Rockosi}, C. and {Roe}, N. and {Ross}, N. and {Schneider}, D. and
 {Strauss}, M. and {Weinberg}, D. and {White}, M.},
    title = "{SDSS-III: The Baryon Oscillation Spectroscopic Survey (BOSS)}",
booktitle = {American Astronomical Society Meeting Abstracts},
     year = 2007,
   series = {Bulletin of the American Astronomical Society},
   volume = 39,
    month = dec,
    pages = {132.29},
   adsurl = {http://adsabs.harvard.edu/abs/2007AAS...21113229S},
  adsnote = {Provided by the SAO/NASA Astrophysics Data System}
}

@ARTICLE{segue,
   author = {{Yanny}, B. and {Rockosi}, C. and {Newberg}, H.~J. and {Knapp}, G.~R. and
 {Adelman-McCarthy}, J.~K. and {Alcorn}, B. and {Allam}, S. and
 {Allende Prieto}, C. and {An}, D. and {Anderson}, K.~S.~J. and
 {Anderson}, S. and {Bailer-Jones}, C.~A.~L. and {Bastian}, S. and
 {Beers}, T.~C. and {Bell}, E. and {Belokurov}, V. and {Bizyaev}, D. and
 {Blythe}, N. and {Bochanski}, J.~J. and {Boroski}, W.~N. and
 {Brinchmann}, J. and {Brinkmann}, J. and {Brewington}, H. and
 {Carey}, L. and {Cudworth}, K.~M. and {Evans}, M. and {Evans}, N.~W. and
 {Gates}, E. and {G{\"a}nsicke}, B.~T. and {Gillespie}, B. and
 {Gilmore}, G. and {Nebot Gomez-Moran}, A. and {Grebel}, E.~K. and
 {Greenwell}, J. and {Gunn}, J.~E. and {Jordan}, C. and {Jordan}, W. and
 {Harding}, P. and {Harris}, H. and {Hendry}, J.~S. and {Holder}, D. and
 {Ivans}, I.~I. and {Ivezi{\v c}}, {\v Z}. and {Jester}, S. and
 {Johnson}, J.~A. and {Kent}, S.~M. and {Kleinman}, S. and {Kniazev}, A. and
 {Krzesinski}, J. and {Kron}, R. and {Kuropatkin}, N. and {Lebedeva}, S. and
 {Lee}, Y.~S. and {French Leger}, R. and {L{\'e}pine}, S. and
 {Levine}, S. and {Lin}, H. and {Long}, D.~C. and {Loomis}, C. and
 {Lupton}, R. and {Malanushenko}, O. and {Malanushenko}, V. and
 {Margon}, B. and {Martinez-Delgado}, D. and {McGehee}, P. and
 {Monet}, D. and {Morrison}, H.~L. and {Munn}, J.~A. and {Neilsen}, Jr., E.~H. and
 {Nitta}, A. and {Norris}, J.~E. and {Oravetz}, D. and {Owen}, R. and
 {Padmanabhan}, N. and {Pan}, K. and {Peterson}, R.~S. and {Pier}, J.~R. and
 {Platson}, J. and {Re Fiorentin}, P. and {Richards}, G.~T. and
 {Rix}, H.-W. and {Schlegel}, D.~J. and {Schneider}, D.~P. and
 {Schreiber}, M.~R. and {Schwope}, A. and {Sibley}, V. and {Simmons}, A. and
 {Snedden}, S.~A. and {Allyn Smith}, J. and {Stark}, L. and {Stauffer}, F. and
 {Steinmetz}, M. and {Stoughton}, C. and {SubbaRao}, M. and {Szalay}, A. and
 {Szkody}, P. and {Thakar}, A.~R. and {Sivarani}, T. and {Tucker}, D. and
 {Uomoto}, A. and {Vanden Berk}, D. and {Vidrih}, S. and {Wadadekar}, Y. and
 {Watters}, S. and {Wilhelm}, R. and {Wyse}, R.~F.~G. and {Yarger}, J. and
 {Zucker}, D.},
    title = "{SEGUE: A Spectroscopic Survey of 240,000 Stars with g = 14-20}",
  journal = {\aj},
archivePrefix = "arXiv",
   eprint = {0902.1781},
 primaryClass = "astro-ph.GA",
 keywords = {Galaxy: halo, Galaxy: stellar content, Galaxy: structure, stars: abundances, stars: fundamental parameters, stars: general},
     year = 2009,
    month = may,
   volume = 137,
      eid = {4377},
    pages = {4377-4399},
      doi = {10.1088/0004-6256/137/5/4377},
   adsurl = {http://adsabs.harvard.edu/abs/2009AJ....137.4377Y},
  adsnote = {Provided by the SAO/NASA Astrophysics Data System}
}


@ARTICLE{rave,
   author = {{Steinmetz}, M. and {Zwitter}, T. and {Siebert}, A. and {Watson}, F.~G. and
 {Freeman}, K.~C. and {Munari}, U. and {Campbell}, R. and {Williams}, M. and
 {Seabroke}, G.~M. and {Wyse}, R.~F.~G. and {Parker}, Q.~A. and
 {Bienaym{\'e}}, O. and {Roeser}, S. and {Gibson}, B.~K. and
 {Gilmore}, G. and {Grebel}, E.~K. and {Helmi}, A. and {Navarro}, J.~F. and
 {Burton}, D. and {Cass}, C.~J.~P. and {Dawe}, J.~A. and {Fiegert}, K. and
 {Hartley}, M. and {Russell}, K.~S. and {Saunders}, W. and {Enke}, H. and
 {Bailin}, J. and {Binney}, J. and {Bland-Hawthorn}, J. and {Boeche}, C. and
 {Dehnen}, W. and {Eisenstein}, D.~J. and {Evans}, N.~W. and
 {Fiorucci}, M. and {Fulbright}, J.~P. and {Gerhard}, O. and
 {Jauregi}, U. and {Kelz}, A. and {Mijovi{\'c}}, L. and {Minchev}, I. and
 {Parmentier}, G. and {Pe{\~n}arrubia}, J. and {Quillen}, A.~C. and
 {Read}, M.~A. and {Ruchti}, G. and {Scholz}, R.-D. and {Siviero}, A. and
 {Smith}, M.~C. and {Sordo}, R. and {Veltz}, L. and {Vidrih}, S. and
 {von Berlepsch}, R. and {Boyle}, B.~J. and {Schilbach}, E.},
    title = "{The Radial Velocity Experiment (RAVE): First Data Release}",
  journal = {\aj},
   eprint = {astro-ph/0606211},
 keywords = {Catalogs, Stars: Fundamental Parameters, Surveys},
     year = 2006,
    month = oct,
   volume = 132,
    pages = {1645-1668},
      doi = {10.1086/506564},
   adsurl = {http://adsabs.harvard.edu/abs/2006AJ....132.1645S},
  adsnote = {Provided by the SAO/NASA Astrophysics Data System}
}

@ARTICLE{kerzendorf,
   author = {{Kerzendorf}, W.~E. and {Yong}, D. and {Schmidt}, B.~P. and
 {Simon}, J.~D. and {Jeffery}, C.~S. and {Anderson}, J. and {Podsiadlowski}, P. and
 {Gal-Yam}, A. and {Silverman}, J.~M. and {Filippenko}, A.~V. and
 {Nomoto}, K. and {Murphy}, S.~J. and {Bessell}, M.~S. and {Venn}, K.~A. and
 {Foley}, R.~J.},
    title = "{A High-resolution Spectroscopic Search for the Remaining Donor for Tycho's Supernova}",
  journal = {\apj},
archivePrefix = "arXiv",
   eprint = {1210.2713},
 primaryClass = "astro-ph.SR",
 keywords = {ISM: supernova remnants, supernovae: individual: SN1572 },
     year = 2013,
    month = sep,
   volume = 774,
      eid = {99},
    pages = {99},
      doi = {10.1088/0004-637X/774/2/99},
   adsurl = {http://adsabs.harvard.edu/abs/2013ApJ...774...99K},
  adsnote = {Provided by the SAO/NASA Astrophysics Data System}
}


@ARTICLE{ambre,
   author = {{de Laverny}, P. and {Recio-Blanco}, A. and {Worley}, C.~C. and
 {Plez}, B.},
    title = "{The AMBRE project: A new synthetic grid of high-resolution FGKM stellar spectra}",
  journal = {\aap},
archivePrefix = "arXiv",
   eprint = {1205.2270},
 primaryClass = "astro-ph.SR",
 keywords = {stars: atmospheres, stars: fundamental parameters, stars: abundances, astronomical databases: miscellaneous, surveys},
     year = 2012,
    month = aug,
   volume = 544,
      eid = {A126},
    pages = {A126},
      doi = {10.1051/0004-6361/201219330},
   adsurl = {http://adsabs.harvard.edu/abs/2012A%26A...544A.126D},
  adsnote = {Provided by the SAO/NASA Astrophysics Data System}
}

@article{nelder-mead,
    author = {Nelder, J. A. and Mead, R.},
    citeulike-article-id = {3009487},
    citeulike-linkout-0 = {http://dx.doi.org/10.1093/comjnl/7.4.308},
    citeulike-linkout-1 = {http://comjnl.oxfordjournals.org/content/7/4/308.abstract},
    citeulike-linkout-2 = {http://comjnl.oxfordjournals.org/content/7/4/308.full.pdf},
    citeulike-linkout-3 = {http://comjnl.oxfordjournals.org/cgi/content/abstract/7/4/308},
    day = {01},
    doi = {10.1093/comjnl/7.4.308},
    issn = {1460-2067},
    journal = {The Computer Journal},
    month = jan,
    number = {4},
    pages = {308--313},
    posted-at = {2008-09-15 16:23:09},
    priority = {2},
    publisher = {Oxford University Press},
    title = {{A Simplex Method for Function Minimization}},
    url = {http://dx.doi.org/10.1093/comjnl/7.4.308},
    volume = {7},
    year = {1965}
}

@ARTICLE{phoenix,
   author = {{Husser}, T.-O. and {Wende-von Berg}, S. and {Dreizler}, S. and 
	{Homeier}, D. and {Reiners}, A. and {Barman}, T. and {Hauschildt}, P.~H.
	},
    title = "{A new extensive library of PHOENIX stellar atmospheres and synthetic spectra}",
  journal = {\aap},
archivePrefix = "arXiv",
   eprint = {1303.5632},
 primaryClass = "astro-ph.SR",
 keywords = {stars: atmospheres, convection, stars: late-type},
     year = 2013,
    month = may,
   volume = 553,
      eid = {A6},
    pages = {A6},
      doi = {10.1051/0004-6361/201219058},
   adsurl = {http://adsabs.harvard.edu/abs/2013A%26A...553A...6H},
  adsnote = {Provided by the SAO/NASA Astrophysics Data System}
}

@ARTICLE{pegase,
   author = {{Le Borgne}, D. and {Rocca-Volmerange}, B. and {Prugniel}, P. and 
	{Lan{\c c}on}, A. and {Fioc}, M. and {Soubiran}, C.},
    title = "{Evolutionary synthesis of galaxies at high spectral resolution with the code PEGASE-HR. Metallicity and age tracers}",
  journal = {\aap},
   eprint = {astro-ph/0408419},
 keywords = {galaxies: stellar content, galaxies: evolution, galaxies: abundances, techniques: spectroscopic},
     year = 2004,
    month = oct,
   volume = 425,
    pages = {881-897},
      doi = {10.1051/0004-6361:200400044},
   adsurl = {http://adsabs.harvard.edu/abs/2004A%26A...425..881L},
  adsnote = {Provided by the SAO/NASA Astrophysics Data System}
}


@ARTICLE{snid,
   author = {{Blondin}, S. and {Tonry}, J.~L.},
    title = "{Determining the Type, Redshift, and Age of a Supernova Spectrum}",
  journal = {\apj},
archivePrefix = "arXiv",
   eprint = {0709.4488},
 keywords = {Methods: Data Analysis, Methods: Statistical, Stars: Supernovae: General},
     year = 2007,
    month = sep,
   volume = 666,
    pages = {1024-1047},
      doi = {10.1086/520494},
   adsurl = {http://adsabs.harvard.edu/abs/2007ApJ...666.1024B},
  adsnote = {Provided by the SAO/NASA Astrophysics Data System}
}

@ARTICLE{gaia-eso,
   author = {{Gilmore}, G. and {Randich}, S. and {Asplund}, M. and {Binney}, J. and 
	{Bonifacio}, P. and {Drew}, J. and {Feltzing}, S. and {Ferguson}, A. and 
	{Jeffries}, R. and {Micela}, G. and {Negueruela}, I. and {Prusti}, T. and 
	{Rix}, H.-W. and {Vallenari}, A. and {Alfaro}, E. and {Allende-Prieto}, C. and 
	{Babusiaux}, C. and {Bensby}, T. and {Blomme}, R. and {Bragaglia}, A. and 
	{Flaccomio}, E. and {Fran{\c c}ois}, P. and {Irwin}, M. and 
	{Koposov}, S. and {Korn}, A. and {Lanzafame}, A. and {Pancino}, E. and 
	{Paunzen}, E. and {Recio-Blanco}, A. and {Sacco}, G. and {Smiljanic}, R. and 
	{Van Eck}, S. and {Walton}, N.},
    title = "{The Gaia-ESO Public Spectroscopic Survey}",
  journal = {The Messenger},
     year = 2012,
    month = mar,
   volume = 147,
    pages = {25-31},
   adsurl = {http://adsabs.harvard.edu/abs/2012Msngr.147...25G},
  adsnote = {Provided by the SAO/NASA Astrophysics Data System}
}



@ARTICLE{goodman;weare,
author = {{Goodman}, J. and {Weare}, J.},
title="{Ensemble samplers with affine invariance}",
journal = {Comm. Appl. Math. Comp. Sci.},
year = 2010,
volume = 5,
pages = {65-80},
doi = {10.2140/camcos.2010.5.65}
}

@ARTICLE{emcee,
   author = {{Foreman-Mackey}, D. and {Hogg}, D.~W. and {Lang}, D. and {Goodman}, J.
 },
    title = "{emcee: The MCMC Hammer}",
  journal = {\pasp},
archivePrefix = "arXiv",
   eprint = {1202.3665},
 primaryClass = "astro-ph.IM",
 keywords = {Data Analysis and Techniques},
     year = 2013,
    month = mar,
   volume = 125,
    pages = {306-312},
      doi = {10.1086/670067},
   adsurl = {http://adsabs.harvard.edu/abs/2013PASP..125..306F},
  adsnote = {Provided by the SAO/NASA Astrophysics Data System}
}
